<?xml version="1.0" encoding="UTF-8"?><collection xmlns="http://www.loc.gov/MARC21/slim"><record><leader>00370nam--2200133-i-4500</leader><controlfield tag="001">000044680</controlfield><controlfield tag="002">20161230</controlfield><controlfield tag="005">20161230201044</controlfield><controlfield tag="008">060222s1000------------r-----000-0-eng-d</controlfield><datafield ind1=" " ind2=" " tag="080"><subfield code="a">621.382.3</subfield></datafield><datafield ind1=" " ind2=" " tag="100"><subfield code="a">Tickie, Andrew C</subfield></datafield><datafield ind1=" " ind2=" " tag="245"><subfield code="a">Thin-film transistors. a new approach to microelectronics</subfield></datafield><datafield ind1=" " ind2=" " tag="260"><subfield code="a">New York, John Wiley &amp; Sons, Inc., 1969, Xiv+144p</subfield></datafield><datafield ind1=" " ind2=" " tag="852"><subfield code="a">32170</subfield></datafield></record></collection>